@article{shipway2013organisations,
  title={Organisations, practices, actors, and events: Exploring inside the distance running social world},
  author={Shipway, Richard and Holloway, Immy and Jones, Ian},
  journal={International Review for the Sociology of Sport},
  volume={48},
  number={3},
  pages={259--276},
  year={2013},
  publisher={SAGE Publications Sage UK: London, England}
}

@article{buman2008experiences,
  title={Experiences and coping responses of “hitting the wall” for recreational marathon runners},
  author={Buman, Matthew P and Omli, Jens W and Giacobbi Jr, Peter R and Brewer, Britton W},
  journal={Journal of Applied Sport Psychology},
  volume={20},
  number={3},
  pages={282--300},
  year={2008},
  publisher={Taylor \& Francis}
}

@article{mccarthy2011positive,
  title={Positive emotion in sport performance: current status and future directions},
  author={McCarthy, Paul J},
  journal={International Review of Sport and Exercise Psychology},
  volume={4},
  number={1},
  pages={50--69},
  year={2011},
  publisher={Taylor \& Francis}
}

@article{vast2010emotions,
  title={Emotions in sport: Perceived effects on attention, concentration, and performance},
  author={Vast, Robyn Louise and Young, Robyn Louise and Thomas, Patrick Robert},
  journal={Australian Psychologist},
  volume={45},
  number={2},
  pages={132--140},
  year={2010},
  publisher={Wiley Online Library}
}

@article{hagtvet2007consistency,
  title={Consistency of performance-related emotions in elite athletes: Generalizability theory applied to the IZOF model},
  author={Hagtvet, Knut A and Hanin, Yuri L},
  journal={Psychology of sport and exercise},
  volume={8},
  number={1},
  pages={47--72},
  year={2007},
  publisher={Elsevier}
}

@article{lombard1997heart,
  title={At the heart of it all: The concept of presence},
  author={Lombard, Matthew and Ditton, Theresa},
  journal={Journal of Computer-Mediated Communication},
  volume={3},
  number={2},
  year={1997},
  publisher={Wiley Online Library}
}

@article{morgado2011close,
  title={Close to me? The influence of affective closeness on space perception},
  author={Morgado, Nicolas and Muller, Dominique and Gentaz, Edouard and Palluel-Germain, Richard},
  journal={Perception},
  volume={40},
  number={7},
  pages={877--879},
  year={2011},
  publisher={SAGE Publications Sage UK: London, England}
}